@article{projectdesciption,
    author = {Avery Broderick},
    title = {{Phys 375 Final Project}},
    year = {2016},
}

@misc{eddington,
    title = {{The Gray \& Eddington Approximations}},
    howpublished = {\url{http://www.astro.wisc.edu/~townsend/resource/teaching/astro-310-F08/13-gray-eddington.pdf}},
    note = {Accessed: 2016-04-06},
}

@article{textbook,
    author = {Barbara Ryden{,} Bradley M. Peterson},
    title = {{Foundations of Astrophysics}},
    year = {2009},
}

@misc{bisection,
    title = {{Bisection Method}},
    howpublished = {\url{https://en.wikipedia.org/wiki/Bisection_method}},
    note = {Accessed: 2016-04-06},
}

@misc{githubcode,
    author = {Thomas Fraser{,} et. al.},
    title = {{Stellar Modelling Metallicity}},
    howpublished = {\url{https://github.com/tcfraser/StellarModellingMetallicity}},
    note = {Accessed: 2016-04-06},
}

@misc{rkf,
    author = {John H. Mathews{,} Kurtis K. Fink},
    title = {{Numerical Methods Using Matlab (4th Edition)}},
    year = {2003},
    month = {Dec},
    day = {22},
    page = {497},
}

